@book{segal2013numerik,
  title={Numerik partieller Differentialgleichungen f{\"u}r Ingenieure},
  author={Segal, August},
  year={2013},
  publisher={Springer-Verlag}
}

@article{kuzmin2002flux,
  title={Flux correction tools for finite elements},
  author={Kuzmin, Dmitri and Turek, Stefan},
  journal={Journal of Computational Physics},
  volume={175},
  number={2},
  pages={525--558},
  year={2002},
  publisher={Elsevier}
}

@book{fiedler2008special,
  title={Special matrices and their applications in numerical mathematics},
  author={Fiedler, Miroslav},
  year={2008},
  publisher={Courier Corporation}
}

@incollection{kuzmin2005algebraic,
  title={Algebraic flux correction I. Scalar conservation laws},
  author={Kuzmin, Dmitri and M{\"o}ller, Matthias},
  booktitle={Flux-corrected transport},
  pages={155--206},
  year={2005},
  publisher={Springer}
}

@incollection{micchelli1984interpolation,
  title={Interpolation of scattered data: distance matrices and conditionally positive definite functions},
  author={Micchelli, Charles A},
  booktitle={Approximation theory and spline functions},
  pages={143--145},
  year={1984},
  publisher={Springer}
}

@book{braess2013finite,
  title={Finite Elemente: Theorie, schnelle L{\"o}ser und Anwendungen in der Elastizit{\"a}tstheorie},
  author={Braess, Dietrich},
  year={2013},
  publisher={Springer-Verlag}
}

@article{oanh2017adaptive,
  title={Adaptive RBF-FD method for elliptic problems with point singularities in 2D},
  author={Oanh, Dang Thi and Davydov, Oleg and Phu, Hoang Xuan},
  journal={Applied Mathematics and Computation},
  volume={313},
  pages={474--497},
  year={2017},
  publisher={Elsevier}
}

@article{burger2006numerik,
  title={Numerik partieller Differentialgleichungen},
  author={Burger, Martin},
  journal={Westf{\"a}lische Wilhelms-Universit{\"a}t M{\"u}nster, WS},
  volume={7},
  year={2006}
}

@article{wright2003radial,
  title={Radial basis function interpolation: numerical and analytical developments},
  author={Wright, Grady Barrett},
  year={2003},
  publisher={University of Colorado at Boulder}
}

@article{de2013four,
  title={Four lectures on Radial Basis Functions},
  author={De Marchi, Stefano},
  year={2013}
}

@article{hardy1971multiquadric,
  title={Multiquadric equations of topography and other irregular surfaces},
  author={Hardy, Rolland L},
  journal={Journal of geophysical research},
  volume={76},
  number={8},
  pages={1905--1915},
  year={1971},
  publisher={Wiley Online Library}
}


@misc{ UPWIND,
   url = "$https://www.wias-berlin.de/people/john/LEHRE/NUM_PDE/SS09/num_pde_intro_02.pdf$"
}
